@inproceedings{adler2007content,
  title={A content-driven reputation system for the Wikipedia},
  author={Adler, B Thomas and De Alfaro, Luca},
  booktitle={Proceedings of the 16th international conference on World Wide Web},
  pages={261--270},
  year={2007},
  organization={ACM}
}
@misc{ wiki:wiki,
  author = "Wikipedia",
  title = "Wikipedia --- {W}ikipedia{,} The Free Encyclopedia",
  year = "2016",
  url = "\url{https://en.wikipedia.org/wiki/Wikipedia}",
  note = "[Online; accessed 16-Dec-2016]"
}
@misc{ wiki:vandalism,
  author = "Wikipedia",
  title = "Vandalism --- {W}ikipedia{,} The Free Encyclopedia",
  year = "2016",
  url = "\url{https://en.wikipedia.org/wiki/Vandalism}",
  note = "[Online; accessed 16-Dec-2016]"
}
@misc{ wiki:edit_war,
  author = "Wikipedia",
  title = "Edit Warring --- {W}ikipedia{,} The Free Encyclopedia",
  year = "2016",
  url = "\url{https://en.wikipedia.org/wiki/Wikipedia:Edit_war}",
  note = "[Online; accessed 16-Dec-2016]"
}
@inproceedings{kittur2008can,
  title={Can you ever trust a wiki?: impacting perceived trustworthiness in wikipedia},
  author={Kittur, Aniket and Suh, Bongwon and Chi, Ed H},
  booktitle={Proceedings of the 2008 ACM conference on Computer supported cooperative work},
  pages={477--480},
  year={2008},
  organization={ACM}
}
@inproceedings{blumenstock2008size,
  title={Size matters: word count as a measure of quality on wikipedia},
  author={Blumenstock, Joshua E},
  booktitle={Proceedings of the 17th international conference on World Wide Web},
  pages={1095--1096},
  year={2008},
  organization={ACM}
}
@techreport{zeng2006computing,
  title={Computing trust from revision history},
  author={Zeng, Honglei and Alhossaini, Maher A and Ding, Li and Fikes, Richard and McGuinness, Deborah L},
  year={2006},
  institution={DTIC Document}
}
@inproceedings{wohner2009assessing,
  title={Assessing the quality of Wikipedia articles with lifecycle based metrics},
  author={W{\"o}hner, Thomas and Peters, Ralf},
  booktitle={Proceedings of the 5th International Symposium on Wikis and Open Collaboration},
  pages={16},
  year={2009},
  organization={ACM}
}
@inproceedings{adler2008assigning,
  title={Assigning trust to Wikipedia content},
  author={Adler, B Thomas and Chatterjee, Krishnendu and De Alfaro, Luca and Faella, Marco and Pye, Ian and Raman, Vishwanath},
  booktitle={Proceedings of the 4th International Symposium on Wikis},
  pages={26},
  year={2008},
  organization={ACM}
}
@article{myers1986ano,
  title={AnO (ND) difference algorithm and its variations},
  author={Myers, Eugene W},
  journal={Algorithmica},
  volume={1},
  number={1-4},
  pages={251--266},
  year={1986},
  publisher={Springer}
}
@inproceedings{de2013attributing,
  title={Attributing authorship of revisioned content},
  author={De Alfaro, Luca and Shavlovsky, Michael},
  booktitle={Proceedings of the 22nd international conference on World Wide Web},
  pages={343--354},
  year={2013},
  organization={ACM}
}